<?xml version="1.0" encoding="UTF-8"?><collection><record><leader>02505ntm a2200433 a 4500</leader><controlfield tag="001">002563048</controlfield><controlfield tag="003">MiAaHDL</controlfield><controlfield tag="005">20190719000000.0</controlfield><controlfield tag="006">m        d        </controlfield><controlfield tag="007">cr bn ---auaua</controlfield><controlfield tag="008">920923s1526    xx            00| | ara d</controlfield><datafield tag="035" ind1=" " ind2=" "><subfield code="a">(MiU)002563048</subfield></datafield><datafield tag="035" ind1=" " ind2=" "><subfield code="a">sdr-miu002563048</subfield></datafield><datafield tag="035" ind1=" " ind2=" "><subfield code="a">(OCoLC)34365170</subfield></datafield><datafield tag="035" ind1=" " ind2=" "><subfield code="a">(RLIN)MIUH92-A15</subfield></datafield><datafield tag="040" ind1=" " ind2=" "><subfield code="a">MiU</subfield><subfield code="c">MiU</subfield><subfield code="e">appm</subfield></datafield><datafield tag="100" ind1="1" ind2=" "><subfield code="6">880-01</subfield><subfield code="a">Ibn al-Hāʼim, Aḥmad ibn Muḥammad,</subfield><subfield code="d">-1412.</subfield></datafield><datafield tag="240" ind1="1" ind2="0"><subfield code="6">880-02</subfield><subfield code="a">Nuzhat al-ḥussāb fī ʻilm al-ḥisāb</subfield></datafield><datafield tag="245" ind1="1" ind2="0"><subfield code="6">880-03</subfield><subfield code="a">Kitāb al-nuzhah :</subfield><subfield code="k">manuscript,</subfield><subfield code="f">[1526] /</subfield><subfield code="c">li-ibn Hāyim.</subfield></datafield><datafield tag="260" ind1=" " ind2=" "><subfield code="c">[1526]</subfield></datafield><datafield tag="300" ind1=" " ind2=" "><subfield code="a">1</subfield><subfield code="f">v. ([48] p.) ;</subfield><subfield code="c">19 cm</subfield></datafield><datafield tag="500" ind1=" " ind2=" "><subfield code="a">Title and text rubricated; marginal notes and corrections in hand of copyist and others.</subfield></datafield><datafield tag="500" ind1=" " ind2=" "><subfield code="a">Origin: As appears in colophon on p.46, copied by ʻAbd al-Laṭīf ibn [?] Mūsá al-ʻUmarī al-Shāfiʻī with transcription completed 17 [?] Rabīʻ I 932 [ca. 1 January 1526].</subfield></datafield><datafield tag="510" ind1="4" ind2=" "><subfield code="a">GAL,</subfield><subfield code="c">Suppl. II, p. 154; King, Survey, p. 70</subfield></datafield><datafield tag="520" ind1=" " ind2=" "><subfield code="a">"An abridgement of the author's Murshidat al-ṭālib. In a muqaddima, two bābs, and a khātima." Cataloging by Elinor M. Husselman, 1945.</subfield></datafield><datafield tag="530" ind1=" " ind2=" "><subfield code="a">Microfilm available in repository.</subfield></datafield><datafield tag="538" ind1=" " ind2=" "><subfield code="a">Mode of access: Internet.</subfield></datafield><datafield tag="541" ind1=" " ind2=" "><subfield code="d">07/--/36</subfield><subfield code="3">Manuscript</subfield><subfield code="a">McGregor Fund</subfield><subfield code="c">Purchase, 1933/34</subfield><subfield code="h">5 p.t.</subfield></datafield><datafield tag="545" ind1="0" ind2=" "><subfield code="a">Egyptian mathematician who taught at the Ṣāliḥīyah madrasah in Jerusalem; author of numerous influential works on arithmetic, algebra, and the arithmetic of inheritance.</subfield></datafield><datafield tag="561" ind1=" " ind2=" "><subfield code="a">Purchased in Cairo, 1933/34. Owner's mark: autograph on p. [1], fī nawbat al-faqīr ilá ʻafw Allāh Muḥammad ibn[?] Muḥammad al-Ramlī al-muwaqqit.</subfield></datafield><datafield tag="600" ind1="1" ind2="0"><subfield code="6">880-04</subfield><subfield code="a">Ibn al-Hāʼim, Aḥmad ibn Muḥammad,</subfield><subfield code="d">-1412.</subfield><subfield code="t">Murshidat al-ṭālib ilá asmāʼ al-maṭālib.</subfield></datafield><datafield tag="650" ind1=" " ind2="0"><subfield code="a">Arithmetic</subfield><subfield code="v">Early works to 1900.</subfield></datafield><datafield tag="650" ind1=" " ind2="0"><subfield code="a">Mathematics, Arab</subfield><subfield code="v">Early works to 1800.</subfield></datafield><datafield tag="650" ind1=" " ind2="0"><subfield code="a">Manuscripts, Arabic</subfield><subfield code="z">Michigan</subfield><subfield code="z">Ann Arbor.</subfield></datafield><datafield tag="773" ind1="0" ind2=" "><subfield code="a">Tracy W. McGregor Collection of Arabic, Persian, and Turkish Mathematical and Astronomical Manuscripts.</subfield><subfield code="7">unbc</subfield><subfield code="w">(CStRLIN)MIUH92-A20.</subfield></datafield><datafield tag="880" ind1="0" ind2="0"><subfield code="6">600-04/</subfield><subfield code="a">أحمد بن محمد بن الهائم.</subfield><subfield code="t">مرشدة الطالب الى أسماء المطالب.</subfield></datafield><datafield tag="880" ind1="1" ind2="0"><subfield code="6">245-03/</subfield><subfield code="a">كتاب النزهة :</subfield><subfield code="k">manuscript،</subfield><subfield code="f">[1526] /</subfield><subfield code="c">لابن هايم.</subfield></datafield><datafield tag="880" ind1="1" ind2="0"><subfield code="6">240-02/</subfield><subfield code="a">نزهة الحساب في علم الحساب</subfield></datafield><datafield tag="880" ind1="0" ind2=" "><subfield code="6">100-01/</subfield><subfield code="a">أحمد بن محمد بن الهائم.</subfield></datafield><datafield tag="CID" ind1=" " ind2=" "><subfield code="a">002563048</subfield></datafield><datafield tag="DAT" ind1="0" ind2=" "><subfield code="a">20190719102632.0</subfield><subfield code="b">20190719000000.0</subfield></datafield><datafield tag="DAT" ind1="1" ind2=" "><subfield code="a">20190719090653.0</subfield><subfield code="b">2019-07-19T16:10:30Z</subfield></datafield><datafield tag="DAT" ind1="2" ind2=" "><subfield code="a">2015-10-02T18:00:03Z</subfield></datafield><datafield tag="CAT" ind1=" " ind2=" "><subfield code="a">SDR-MIU</subfield><subfield code="d">EX LIBRIS - ALEPH</subfield><subfield code="l">prepare.pl-004-008</subfield></datafield><datafield tag="FMT" ind1=" " ind2=" "><subfield code="a">BK</subfield></datafield><datafield tag="HOL" ind1=" " ind2=" "><subfield code="0">sdr-miu002563048</subfield><subfield code="a">MiU</subfield><subfield code="b">SDR</subfield><subfield code="c">MIU</subfield><subfield code="p">mdp.39015081446711</subfield><subfield code="s">MIU</subfield><subfield code="1">002563048</subfield></datafield><datafield tag="974" ind1=" " ind2=" "><subfield code="b">MIU</subfield><subfield code="c">MIU</subfield><subfield code="d">20190719</subfield><subfield code="s">lit-dlps-dc</subfield><subfield code="u">mdp.39015081446711</subfield><subfield code="y">1526</subfield><subfield code="r">pd</subfield><subfield code="q">bib</subfield><subfield code="t">non-US bib date1 &lt; 1879</subfield></datafield></record></collection>